<?xml version="1.0" encoding="UTF-8"?><collection xmlns="http://www.loc.gov/MARC21/slim"><record><leader>00519nam--2200145-i-4500</leader><controlfield tag="001">000003208</controlfield><controlfield tag="002">20161230</controlfield><controlfield tag="005">20161230201025</controlfield><controlfield tag="008">060222s1000------------r-----000-0-eng-d</controlfield><datafield ind1=" " ind2=" " tag="080"><subfield code="a">531</subfield></datafield><datafield ind1=" " ind2=" " tag="100"><subfield code="a">Brodeau, Andre</subfield></datafield><datafield ind1=" " ind2=" " tag="245"><subfield code="a">Etude du frottement interne par elimination sy stemaique des forces d inertie</subfield></datafield><datafield ind1=" " ind2=" " tag="260"><subfield code="a">Paris, Service De Documentation Et D Informati On Technique De L Aeronautique, 1955 16 P</subfield></datafield><datafield ind1=" " ind2=" " tag="490"><subfield code="a">Publications Scientifiques Et Techniques Du Mi Nistere De L Air, Notes Techniques</subfield></datafield><datafield ind1=" " ind2=" " tag="852"><subfield code="a">12805</subfield></datafield></record></collection>